@inproceedings{a2017,
  title={Understanding of a convolutional neural network},
  author={Albawi, Saad and Mohammed, Tareq Abed and Al-Zawi, Saad},
  booktitle={2017 International Conference on Engineering and Technology (ICET)},
  pages={1--6},
  year={2017},
  organization={Ieee}
}

@inproceedings{r2015,
  title={U-net: Convolutional networks for biomedical image segmentation},
  author={Ronneberger, Olaf and Fischer, Philipp and Brox, Thomas},
  booktitle={International Conference on Medical image computing and computer-assisted intervention},
  pages={234--241},
  year={2015},
  organization={Springer}
}

@inproceedings{y2013,
  title={Knowledge intensive learning: Combining qualitative constraints with causal independence for parameter learning in probabilistic models},
  author={Yang, Shuo and Natarajan, Sriraam},
  booktitle={Joint European Conference on Machine Learning and Knowledge Discovery in Databases},
  pages={580--595},
  year={2013},
  organization={Springer}
}